@article{einstein,
    author =       "Albert Einstein",
    title =        "{Zur Elektrodynamik bewegter K{\"o}rper}. ({German})
        [{On} the electrodynamics of moving bodies]",
    journal =      "Annalen der Physik",
    volume =       "322",
    number =       "10",
    pages =        "891--921",
    year =         "1905",
    DOI =          "http://dx.doi.org/10.1002/andp.19053221004"
}

@book{latexcompanion,
    author    = "Michel Goossens and Frank Mittelbach and Alexander Samarin",
    title     = "The \LaTeX\ Companion",
    year      = "1993",
    publisher = "Addison-Wesley",
    address   = "Reading, Massachusetts"
}

@misc{knuthwebsite,
    author    = "Donald Knuth",
    title     = "Knuth: Computers and Typesetting",
    url       = "http://www-cs-faculty.stanford.edu/\~{}uno/abcde.html"
}

@article{rkStar, title={Patterns of New Physics in $b \rightarrow s\ell^+\ell^-$ transitions in the light of recent data}, volume={2018}, DOI={10.1007/jhep01(2018)093}, number={1}, journal={Journal of High Energy Physics}, author={Capdevila, Bernat and Crivellin, Andreas and Descotes-Genon, SÃ©bastien and Matias, Joaquim and Virto, Javier}, year={2018}}

@article{PhysRevD.97.075035,
  title = {Bottom-quark fusion processes at the LHC for probing ${Z}^{\ensuremath{'}}$ models and $B$-meson decay anomalies},
  author = {Abdullah, Mohammad and Dalchenko, Mykhailo and Dutta, Bhaskar and Eusebi, Ricardo and Huang, Peisi and Kamon, Teruki and Rathjens, Denis and Thompson, Adrian},
  journal = {Phys. Rev. D},
  volume = {97},
  issue = {7},
  pages = {075035},
  numpages = {7},
  year = {2018},
  month = {Apr},
  publisher = {American Physical Society},
  doi = {10.1103/PhysRevD.97.075035},
  url = {https://link.aps.org/doi/10.1103/PhysRevD.97.075035}
}





@misc{monotop_pheno, title={Distinguishing standard model extensions using monotop chirality at the LHC}, url={https://link.springer.com/article/10.1007/JHEP12(2016)046}, journal={Journal of High Energy Physics}, publisher={Springer Berlin Heidelberg}, author={Agrawal, P. and Rentala, V. and Andrea, J. and Fuks, B. and Maltoni, F. and Kamenik and Zupan, J. and Wang, J. and Li and Shao and et al.}, year={1970}, month={Jan}}